<?xml version="1.0" encoding="UTF-8"?><record xmlns="http://www.loc.gov/MARC21/slim" xmlns:cinclude="http://apache.org/cocoon/include/1.0" xmlns:zs="http://www.loc.gov/zing/srw/">
  <leader>00708cz  a2200181n  4500</leader>
  <controlfield tag="001">n  83060639 </controlfield>
  <controlfield tag="003">DLC</controlfield>
  <controlfield tag="005">20141031073801.0</controlfield>
  <controlfield tag="008">830209n| azannaabn          |a aaa      </controlfield>
  <datafield tag="010" ind1=" " ind2=" ">
    <subfield code="a">n  83060639 </subfield>
  </datafield>
  <datafield tag="035" ind1=" " ind2=" ">
    <subfield code="a">(OCoLC)oca00944944</subfield>
  </datafield>
  <datafield tag="040" ind1=" " ind2=" ">
    <subfield code="a">DLC</subfield>
    <subfield code="b">eng</subfield>
    <subfield code="e">rda</subfield>
    <subfield code="c">DLC</subfield>
    <subfield code="d">OCoLC</subfield>
    <subfield code="d">MiFliG</subfield>
  </datafield>
  <datafield tag="100" ind1="1" ind2=" ">
    <subfield code="a">DeFrayne, Garry</subfield>
  </datafield>
  <datafield tag="373" ind1=" " ind2=" ">
    <subfield code="a">Chrysler Corporation</subfield>
    <subfield code="2">naf</subfield>
  </datafield>
  <datafield tag="400" ind1="1" ind2=" ">
    <subfield code="a">DeFrayne, G. O.</subfield>
    <subfield code="q">(Garry O.)</subfield>
  </datafield>
  <datafield tag="670" ind1=" " ind2=" ">
    <subfield code="a">High-performance adhesive bonding, c1983 (a.e.)</subfield>
    <subfield code="b">t.p. (Garry DeFrayne)</subfield>
  </datafield>
  <datafield tag="670" ind1=" " ind2=" ">
    <subfield code="a">Bonding processes in automotive manufacture, 1973:</subfield>
    <subfield code="b">cover (G.O. DeFrayne, Chrysler Corporation)</subfield>
  </datafield>
  <datafield tag="670" ind1=" " ind2=" ">
    <subfield code="a">OCLC, October 30, 2014</subfield>
    <subfield code="b">(access points: DeFrayne, Garry; DeFrayne, G.O.; usage: Garry DeFrayne: G. O. DeFrayne)</subfield>
  </datafield>
</record>